 @book{ISL,
  title={An introduction to statistical learning},
  author={James, Gareth and Witten, Daniela and Hastie, Trevor and Tibshirani, Robert},
  volume={112},
  year={2013},
  publisher={Springer}
}

@book{ESL,
  title={The elements of statistical learning},
  author={Friedman, Jerome and Hastie, Trevor and Tibshirani, Robert},
  volume={1},
  year={2001},
  publisher={Springer series in statistics New York}
}

@article{Bagging,
author={Leo Breiman},
title={Bagging Predictors},
journal={Machine Learning},
volume={24},
pages={123-140},
year={1996}}

@article{RandomForest,
author={Leo Breiman},
title={Random Forest},
journal={Machine Learning},
volume={45},
pages={5-32},
year={2001}}

@book{Ripley,
  title={Pattern Recognicion and Neural Networks},
  author={Brian D. Ripley},
  year={1996},
  publisher={Cambridge University Press}
}

@book{casi,
  title={Computer age statistical inference - algorithms, evidence, and data science},
  author={Bradley Efron and Trevor Hastie},
  year={2016},
  publisher={Cambridge University Press}
}

@book{MASS,
title={Modern Applied Statistics with S},
author={W. N. Venables and B. D. Ripley},
year={2002},
publisher={Springer}
}
