@BOOK{morris:probability,
	AUTHOR = "Morris H. DeGroot and Mark J. Schervish",
	TITLE = "Probability and statistics",
	PUBLISHER = "Addison-Wesley",
	YEAR = "1986"	}

@article{friedman2010regularization,
  title={Regularization paths for generalized linear models via coordinate descent},
  author={Friedman, Jerome and Hastie, Trevor and Tibshirani, Rob},
  journal={Journal of statistical software},
  volume={33},
  number={1},
  pages={1},
  year={2010},
  publisher={NIH Public Access}
}