@misc{Dua:2017 ,
author = "Dheeru, Dua and Karra Taniskidou, Efi",
year = "2017",
title = "{UCI} Machine Learning Repository",
url = "http://archive.ics.uci.edu/ml",
institution = "University of California, Irvine, School of Information and Computer Sciences" }

@book{ISL,
  title={An introduction to statistical learning},
  author={James, Gareth and Witten, Daniela and Hastie, Trevor and Tibshirani, Robert},
  volume={112},
  year={2013},
  publisher={Springer}
}

@book{ESL,
  title={The elements of statistical learning},
  author={Friedman, Jerome and Hastie, Trevor and Tibshirani, Robert},
  volume={1},
  year={2001},
  publisher={Springer series in statistics New York}
}

@article{Bagging,
author={Leo Breiman},
title={Bagging Predictors},
journal={Machine Learning},
volume={24},
pages={123-140},
year={1996}}

@article{RandomForest,
author={Leo Breiman},
title={Random Forest},
journal={Machine Learning},
volume={45},
pages={5-32},
year={2001}}

@article{SVMinR,
author={A. Karatzoglou and D. Meyer and K. Hornik},
title={Support Vector Machines in R},
journal={Journal of Statistical Software},
volume={15},
number={9},
year={2006}}

@book{Ripley,
  title={Pattern Recognicion and Neural Networks},
  author={Brian D. Ripley},
  year={1996},
  publisher={Cambridge University Press}
}

@book{casi,
  title={Computer age statistical inference - algorithms, evidence, and data science},
  author={Bradley Efron and Trevor Hastie},
  year={2016},
  publisher={Cambridge University Press}
}

@book{deep,
title={Deep Learning},
author={Goodfellow, Bengio, Courville},
publisher={MIT Press},
url={https://www.idi.ntnu.no/emner/it3105/tdt76/}}

@book{kerasR,
title={Deep learning with R},
author={Fran√ßois Chollet and J. J. Allaire},
year={2018},
publisher={Manning Press},
url={https://www.manning.com/books/deep-learning-with-r}}
