@book{ISL,
  title={An introduction to statistical learning},
  author={James, Gareth and Witten, Daniela and Hastie, Trevor and Tibshirani, Robert},
  volume={112},
  year={2013},
  publisher={Springer}
}

@book{ESL,
  title={The elements of statistical learning},
  author={Friedman, Jerome and Hastie, Trevor and Tibshirani, Robert},
  volume={1},
  year={2001},
  publisher={Springer series in statistics New York}
}

@article{Reinsch,
  title={Smoothing by spline functions},
  author={Reinsch, Christian H},
  journal={Numerische mathematik},
  volume={10},
  number={3},
  pages={177--183},
  year={1967},
  publisher={Springer}
}

@misc{K,
  title={Smoothing and non-parametric regression},
  author={Rodr{\i}guez, German},
  year={2001}
}

@misc{Smoother,
  title={Nonparametric Regression},
  author={Tibshirani, Ryan and Wasserman, L},
  year={2013},
  publisher={Statistical Machine Learning, Spring}
}

